@article{LaserSpectroscopyOnForbiddenTransitions,
	author = {M{\"a}ckel, V. and Klawitter, R. and Brenner, G. and {Crespo L{\'o}pez-Urrutia}, J. R. and Ullrich, J.},
	doi = {10.1103/PhysRevLett.107.143002},
	issue = {14},
	journal = {Phys. Rev. Lett.},
	month = {Sep},
	numpages = {5},
	pages = {143002},
	publisher = {American Physical Society},
	title = {Laser Spectroscopy on Forbidden Transitions in Trapped Highly Charged {\c e}{Ar^{13+}} Ions},
	url = {http://link.aps.org/doi/10.1103/PhysRevLett.107.143002},
	volume = {107},
	year = {2011}
}

@article{EnhancedLaboratorySensitivityToVariationOfTheFineStructureConstant,
	author = {Berengut, J. C. and Dzuba, V. A. and Flambaum, V. V.},
	doi = {10.1103/PhysRevLett.105.120801},
	issue = {12},
	journal = {Phys. Rev. Lett.},
	month = {Sep},
	numpages = {4},
	pages = {120801},
	publisher = {American Physical Society},
	title = {Enhanced Laboratory Sensitivity to Variation of the Fine-Structure Constant using Highly Charged Ions},
	url = {http://link.aps.org/doi/10.1103/PhysRevLett.105.120801},
	volume = {105},
	year = {2010}
}

@article{ElectronHoleTransitionsInMultiplyChargedIons,
	author = {Berengut, J. C. and Dzuba, V. A. and Flambaum, V. V. and Ong, A.},
	doi = {10.1103/PhysRevLett.106.210802},
	issue = {21},
	journal = {Phys. Rev. Lett.},
	month = {May},
	numpages = {4},
	pages = {210802},
	publisher = {American Physical Society},
	title = {Electron-Hole Transitions in Multiply Charged Ions for Precision Laser Spectroscopy and Searching for Variations in $\alpha$},
	url = {http://link.aps.org/doi/10.1103/PhysRevLett.106.210802},
	volume = {106},
	year = {2011}
}

@article{HighlyChargedIons,
	author = {Gillaspy, J D},
	doi = {10.1088/0953-4075/34/19/201},
	journal = {Journal of Physics B: Atomic, Molecular and Optical Physics},
	number = {19},
	pages = {R93},
	title = {Highly charged ions},
	url = {http://stacks.iop.org/0953-4075/34/i=19/a=201},
	volume = {34},
	year = {2001}
}

@inbook{AccessToTheQuadraticAndCubicZeemanEffects,
	address = {Darmstadt},
	author = {Vogel, M. and Birkl, G. and von Lindenfels, D. and Martin, A. and Quint, W. and Wiesel, M.},
	booktitle = {Scientific Report 2012},
	comment = {Scientific Report 2012},
	issn = {0171-4546},
	number = {GSI Report 2013-1},
	pages = {318},
	publisher = {GSI Helmholtzzentrum f{\"u}r Schwerionenforschung},
	reportid = {GSI-SR2012-PNI-IONS-EXP-10, GSI Report 2013-1},
	series = {GSI Report},
	title = {Access to the quadratic and cubic Zeeman effects at ARTEMIS},
	url = {http://repository.gsi.de/record/52212},
	year = {2013}
}

@article{TrappingIonsOfHydrogenLikeUranium,
	author = {Beier, Thomas and Dahl, Ludwig and Kluge, H.-J{\"u}rgen and Kozhuharov, Christophor and Quint, Wolfgang},
	doi = {10.1016/j.nimb.2005.03.193},
	issn = {0168-583X},
	journal = {Nuclear Instruments and Methods in Physics Research Section B: Beam Interactions with Materials and Atoms},
	keywords = {Highly charged ions at rest; Hydrogen-like ions; Penning trap; Electron cooling; Decelerator},
	note = {The Physics of Highly Charged Ions Proceedings of the Twelfth International Conference on the Physics of Highly Charged Ions (HCI-2004) Twelfth International Conference on the Physics of Highly Charged Ions},
	number = {1--4},
	pages = {473--478},
	title = {Trapping ions of hydrogen-like uranium: The HITRAP project at GSI},
	url = {http://www.sciencedirect.com/science/article/pii/S0168583X05004416},
	volume = {235},
	year = {2005}
}

@article{OpticalTransferCavityStabilization,
	author = {{Bohlouli-Zanjani}, P. and {Afrousheh}, K. and {Martin}, J.~D.~D.},
	doi = {10.1063/1.2337094},
	eprint = {physics/0606065},
	journal = {Review of Scientific Instruments},
	keywords = {Efficiency stability gain and other operational parameters; Semiconductor lasers; laser diodes; Modulation tuning and mode locking; Resonators cavities amplifiers arrays and rings; Optical cooling of atoms; trapping; Mechanical effects of light on atoms molecules electrons and ions},
	month = sep,
	number = 9,
	pages = {093105},
	title = {Optical transfer cavity stabilization using current-modulated injection-locked diode lasers},
	volume = 77,
	year = 2006
}

@article{UltraStableRubidiumStabilizedExternalCavityDiodeLaser,
	author = {Xiang-Hui, Qi and Wen-Lan, Chen and Lin, Yi and Da-Wei, Zhou and Tong, Zhou and Qin, Xiao and Jun, Duan and Xiao-Ji, Zhou and Xu-Zong, Chen},
	doi = {10.1088/0256-307X/26/4/044205},
	journal = {Chinese Physics Letters},
	number = {4},
	pages = {044205},
	title = {Ultra-Stable Rubidium-Stabilized External-Cavity Diode Laser Based on the Modulation Transfer Spectroscopy Technique},
	url = {http://stacks.iop.org/0256-307X/26/i=4/a=044205},
	volume = {26},
	year = {2009}
}

@article{AbsoluteFrequencyStabilization,
	author = {Plusquellic, D. F. and Votava, O. and Nesbitt, D. J.},
	doi = {10.1364/AO.35.001464},
	journal = {Appl. Opt.},
	keywords = {},
	month = {Mar},
	number = {9},
	pages = {1464--1472},
	publisher = {OSA},
	title = {Absolute frequency stabilization of an injection-seeded optical parametric oscillator},
	url = {http://ao.osa.org/abstract.cfm?URI=ao-35-9-1464},
	volume = {35},
	year = {1996}
}

@article{GaNBlueDiodeLasers,
	author = {Leinen, H. and Gl{\"a}ssner, D. and Metcalf, H. and Wynands, R. and Haubrich, D. and Meschede, D.},
	doi = {10.1007/s003400050863},
	issn = {0946-2171},
	journal = {Applied Physics B},
	keywords = {PACS: 42.55.Px; 42.60.-v; 03.75.Be},
	language = {English},
	number = {4},
	pages = {567--571},
	publisher = {Springer-Verlag},
	title = {GaN blue diode lasers: a spectroscopist{\rq}s view},
	url = {http://dx.doi.org/10.1007/s003400050863},
	volume = {70},
	year = {2000}
}

@article{AntireflectionCoatedBlueGaNLaserDiodes,
	author = {Hildebrandt, Lars and Knispel, Richard and Stry, Sandra and Sacher, Joachim R. and Schael, Frank},
	doi = {10.1364/AO.42.002110},
	journal = {Appl. Opt.},
	keywords = {Diode lasers; Lasers; tunable; Absorption; Spectroscopy; diode lasers},
	month = {Apr},
	number = {12},
	pages = {2110--2118},
	publisher = {OSA},
	title = {Antireflection-Coated Blue GaN Laser Diodes in an External Cavity and Doppler-Free Indium Absorption Spectroscopy},
	url = {http://ao.osa.org/abstract.cfm?URI=ao-42-12-2110},
	volume = {42},
	year = {2003}
}

@article{NarrowLinewidthTunableExternalCavityDiodeLaserUsingWideBandwidthFilter,
	author = {Thompson, Daniel J. and Scholten, Robert E.},
	doi = {10.1063/1.3687441},
	eid = {023107},
	journal = {Review of Scientific Instruments},
	number = {2},
	title = {Narrow linewidth tunable external cavity diode laser using wide bandwidth filter},
	url = {http://scitation.aip.org/content/aip/journal/rsi/83/2/10.1063/1.3687441},
	volume = {83},
	year = {2012}
}

@article{InterferenceFilterStabilizedExternalCavityDiodeLasers,
	author = {Baillard, X. and Gauguet, A. and Bize, S. and Lemonde, P. and Laurent, Ph. and Clairon, A. and Rosenbusch, P.},
	doi = {10.1016/j.optcom.2006.05.011},
	issn = {0030-4018},
	journal = {Optics Communications},
	keywords = {External cavity laser; Interference filter; Grating; Stability; Tunability; Laser cooling},
	number = {2},
	pages = {609--613},
	title = {Interference-filter-stabilized external-cavity diode lasers},
	url = {http://www.sciencedirect.com/science/article/pii/S0030401806004561},
	volume = {266},
	year = {2006}
}

@mastersthesis{ClaudiaSiegel,
	author = {Siegel, Claudia},
	month = {Sep},
	school = {Institut f{\"u}r Angewandte Physik der Technischen Universit{\"a}t Darmstadt},
	title = {Aufbau eines UV-Lasersystems f{\"u}r die Laserspektroskopie an gespeicherten hochgeladenen Ionen},
	type = {Master's thesis},
	year = {2008}
}

@mastersthesis{HeikoJestaedt,
	author = {Jest{\"a}dt, Heiko},
	month = {Nov},
	school = {Institut f{\"u}r Angewandte Physik der Technischen Universit{\"a}t Darmstadt},
	title = {Weiterf{\"u}hrende Arbeiten am UV-Lasersystem und Aufbau sowie Charakterisierung einer EIT-Spektroskopie},
	type = {Master's thesis},
	year = {2012}
}

@phdthesis{ThorstenFuehrer,
	author = {F{\"u}hrer, Thorsten},
	month = {Jul},
	school = {Institut f{\"u}r Angewandte Physik der Technischen Universit{\"a}t Darmstadt},
	title = {Modellierung und Anwendung eines neuartigen Verfahrens zur aktiven Regelung und Kontrolle von Wellenl{\"a}nge und Linienbreite eines Diodenlasers mit externem Resonator},
	year = {2012}
}

@manual{OsramDataSheet,
	month = {Oct},
	organization = {OSRAM Opto Semiconductors GmbH},
	title = {PL 450B Data Sheet (PRELIMINARY)},
	year = {2012}
}

@manual{OsramAppnote,
	month = {Oct},
	organization = {OSRAM Opto Semiconductors GmbH},
	title = {Using OSRAM OS Visible InGaN Laser Diodes},
	year = {2012}
}

@article{AbsoluteWaveNumberMeasurementsInTe,
	author = {Scholl, T. J. and Rehse, S. J. and Holt, R. A. and Rosner, S. D.},
	doi = {10.1364/JOSAB.22.001128},
	journal = {J. Opt. Soc. Am. B},
	keywords = {Fabry-Perot; Metrology; Spectroscopy; high-resolution; Spectroscopy; laser; Spectroscopy; saturation; Spectroscopy; visible},
	month = {May},
	number = {5},
	pages = {1128--1133},
	publisher = {OSA},
	title = {Absolute wave-number measurements in $^{130}$Te$_2$: reference lines spanning the 420.9-464.6-nm region},
	url = {http://josab.osa.org/abstract.cfm?URI=josab-22-5-1128},
	volume = {22},
	year = {2005}
}

@misc{NISTRefractionCiddor,
	author = {Stone, Jack A. and Zimmerman, Jay H.},
	month = {Nov},
	title = {Index of Refraction of Air},
	url = {http://emtoolbox.nist.gov/Wavelength/Ciddor.asp},
	year = {2004}
}

@article{BoundElectronGFactorMeasurement,
	author = {von Lindenfels, David and Brantjes, Nicolaas P.M. and Birkl, Gerhard and Quint, Wolfgang and Shabaev, Vladimir M. and Vogel, Manuel},
	doi = {10.1139/P10-071},
	eprint = {http://www.nrcresearchpress.com/doi/pdf/10.1139/P10-071},
	journal = {Canadian Journal of Physics},
	number = {1},
	pages = {79--84},
	title = {Bound electron g-factor measurement by double-resonance spectroscopy on a fine-structure transition},
	url = {http://www.nrcresearchpress.com/doi/abs/10.1139/P10-071},
	volume = {89},
	year = {2011}
}

@article{TheoryOfTheLinewidthOfSemiconductorLasers,
	author = {Henry, C.H.},
	doi = {10.1109/JQE.1982.1071522},
	issn = {0018-9197},
	journal = {Quantum Electronics, IEEE Journal of},
	keywords = {Laser modes; Semiconductor lasers; Gas lasers; Laser theory; Laser transitions; Optical refraction; Optical saturation; Optical variables control; Power lasers; Refractive index; Semiconductor lasers; Spontaneous emission},
	month = {Feb},
	number = {2},
	pages = {259--264},
	title = {Theory of the linewidth of semiconductor lasers},
	volume = {18},
	year = {1982}
}

@techreport{IEC_61000-4-2,
	author = {{International Electrotechnical Commission}},
	institution = {IEC},
	month = {Dec},
	pages = {129},
	title = {Electromagnetic compatibility (EMC) - Part 4-2: Testing and measurement techniques - Electrostatic discharge immunity test},
	type = {Final Draft},
	url = {http://webstore.iec.ch/webstore/webstore.nsf/Artnum_PK/42407},
	year = {2008}
}

@techreport{IEC_61000-4-4,
	author = {{International Electrotechnical Commission}},
	institution = {IEC},
	month = {Mar},
	pages = {87},
	title = {Electromagnetic compatibility (EMC) - Part 4-4: Testing and measurement techniques - Electrical fast transient/burst immunity test},
	type = {Final Draft},
	url = {http://webstore.iec.ch/Webstore/webstore.nsf/ArtNum_PK/46341},
	year = {2012}
}

@techreport{IEC_61000-4-5,
	author = {{International Electrotechnical Commission}},
	institution = {IEC},
	month = {May},
	pages = {155},
	title = {Electromagnetic compatibility (EMC) - Part 4-5: Testing and measurement techniques - Surge immunity test},
	type = {Final Draft},
	url = {http://webstore.iec.ch/webstore/webstore.nsf/Artnum_PK/49686},
	year = {2014}
}

@misc{LTspiceIV,
	author = {Engelhardt, Mike},
	title = {LTspice IV 4.21t},
	url = {http://www.linear.com/designtools/software/}
}

@inproceedings{TheoreticalHBMSimulators,
	author = {Bilodeau, T. M.},
	booktitle = {Proceedings of the EOS/ESD Symposium},
	month = {Sep},
	pages = {43--49},
	series = {EOS-11},
	title = {Theoretical and Empirical Analysis of the Effects of Circuit Parasitic on the Calibration of HBM ESD Simulators},
	year = {1989}
}

@techreport{MIL-STD-883,
	author = {{Defense Logistics Agency Land and Maritime}},
	chapter = {Method 3015.9},
	institution = {United States Department of Defense},
	title = {MIL-STD-883J: Test Method Standard: Microcircuits},
	url = {http://www.dscc.dla.mil/downloads/milspec/docs/mil-std-883/std883.pdf},
	year = {2014}
}

@techreport{JS-001-2010,
	author = {{EOS/ESD Association, Incorporated}},
	institution = {ANSI/ESDA/JEDEC},
	isbn = {1-58537-181-5},
	month = {Apr},
	title = {ISO 13250-2: For Electrostatic Discharge Sensitivity Testing Human Body Model (HBM) -Component Level},
	type = {Final Draft},
	url = {http://www.jedec.org/sites/default/files/docs/JS-001-2010.pdf},
	year = {2010}
}

@techreport{JESD22-C101E,
	author = {{JEDEC Solid State Technology Association}},
	institution = {JEDEC},
	isbn = {1-58537-181-5},
	month = {Dec},
	title = {Field-Induced Charged-Device ModelTest Method for Electrostatic-Discharge-Withstand Thresholds ofMicroelectronic Components},
	type = {Final Draft},
	url = {http://www.jedec.org/sites/default/files/docs/22C101E.pdf},
	year = {2009}
}

@techreport{JESD22-A115-A,
	author = {{EOS/ESD Association, Incorporated}},
	institution = {ANSI/ESDA/JEDEC},
	month = {Oct},
	title = {JESD22-A115-A: Electrostatic Discharge (ESD) Sensitivity Testing Machine Model (MM)},
	type = {Final Draft},
	year = {1997}
}

@book{ESDinSiliconIntegratedCircuits,
	author = {Amerasekera, E.A. and Duvvury, C.},
	isbn = {9780471498711},
	publisher = {J. Wiley},
	title = {ESD in silicon integrated circuits},
	year = {2002}
}

@techreport{DiscontinuingUseOfTheMachineModelForDeviceESDQualification,
	author = {Duvvury, Charvaka and Ashton, Robert and Righter, Alan and Eppes, David and Gossner, Harald and Welsher, Terry and Tanaka, Masaki},
	institution = {ANSI/ESDA/JEDEC},
	month = {Dec},
	publisher = {{EOS/ESD Association, Incorporated}},
	title = {Discontinuing Use of the Machine Model for Device ESD Qualification},
	type = {article},
	year = {2011}
}

@article{ElectrostaticDischargeCurrentLinearApproachAndCircuitDesignMethod,
	author = {Katsivelis, Pavlos K. and Fotis, Georgios P. and Gonos, Ioannis F. and Koussiouris, Tryfon G. and Stathopulos, Ioannis A.},
	doi = {10.3390/en3111728},
	issn = {1996-1073},
	journal = {Energies},
	number = {11},
	pages = {1728--1740},
	title = {Electrostatic Discharge Current Linear Approach and Circuit Design Method},
	url = {http://www.mdpi.com/1996-1073/3/11/1728},
	volume = {3},
	year = {2010}
}

@article{Frequency-DomainMeasurementMethodForTheAnalysisOfESDGeneratorsAndCoupling,
	author = {Koo, Jayong and Cai, Qing and Muchaidze, G. and Martwick, A. and Wang, Kai and Pommerenke, D.},
	doi = {10.1109/TEMC.2007.902190},
	issn = {0018-9375},
	journal = {Electromagnetic Compatibility, IEEE Transactions on},
	month = {Aug},
	number = {3},
	pages = {504--511},
	title = {Frequency-Domain Measurement Method for the Analysis of ESD Generators and Coupling},
	volume = {49},
	year = {2007}
}

@article{NumericalModelingOfElectrostaticDischargeGenerators,
	author = {Wang, Kai and Pommerenke, D. and Chundru, R. and {Van Doren}, T. and Drewniak, J.L. and Shashindranath, A.},
	doi = {10.1109/TEMC.2003.810817},
	issn = {0018-9375},
	journal = {Electromagnetic Compatibility, IEEE Transactions on},
	month = {May},
	number = {2},
	pages = {258--271},
	title = {Numerical modeling of electrostatic discharge generators},
	volume = {45},
	year = {2003}
}

@inproceedings{NumericalModelingOfESD-simulators,
	author = {Wang, Kai and Pommerenke, D. and Chundru, R.},
	booktitle = {Symposium on Electromagnetic Compatibility},
	doi = {10.1109/ISEMC.2002.1032454},
	month = {Aug},
	pages = {93--98 vol.1},
	title = {Numerical modeling of ESD-simulators},
	volume = {1},
	year = {2002}
}

@techreport{ASimpleSpiceEsdGeneratorCircuitBasedOnIEC61000-4-2,
	author = {Buccolini, Luca},
	day = {7},
	institution = {Universit{\`a} Politecnica delle Marche},
	month = {Jul},
	title = {A Simple SPICE ESD Generator Circuit Based On IEC61000-4-2 Standard},
	year = {2014}
}

@article{NewFunctionForRepresentingIEC61000-4-2StandardElectrostaticDischargeCurrent,
	author = {Javor, Vesna},
	doi = {10.2298/FUEE1404509J},
	issn = {0353-3670},
	journal = {FACTA UNIVERSITATIS},
	month = {Dec},
	number = {4},
	publisher = {University of Ni{\v s}},
	series = {Electronics and Energetics},
	title = {New Function for Representing IEC 61000-4-2 Standard Electrostatic Discharge Current},
	volume = {27},
	year = {2014}
}

@article{AClassOfAnalyticalFunctionsToStudyTheLightningEffectsAssociatedWithTheCurrentFront,
	author = {Heidler, F. and Cveti{\'c}, J.},
	doi = {10.1002/etep.4450120209},
	issn = {1546-3109},
	journal = {European Transactions on Electrical Power},
	number = {2},
	pages = {141--150},
	publisher = {Wiley Subscription Services, Inc., A Wiley Company},
	title = {A class of analytical functions to study the lightning effects associated with the current front},
	volume = {12},
	year = {2002}
}

@inproceedings{AnalytischeBitzstromfunktionZurLEMP-Berechnung,
	address = {Z{\"u}rich},
	author = {Heidler, F.},
	booktitle = {Proceedings of the 6th Symposium and Technical Exhibition on Electromagnetic Compability},
	number = {F2},
	pages = {157--162},
	title = {Analytische Bitzstromfunktion Zur LEMP-Berechnung},
	volume = {29},
	year = {1985}
}

@article{ApplyingGeneticAlgorithmsForTheDeterminationOfTheParametersOfTheElectrostaticDischargeCurrentEquation,
	author = {Fotis, G P and Asimakopoulou, F E and Gonos, I F and Stathopulos, I A},
	doi = {10.1088/0957-0233/17/10/037},
	journal = {Measurement Science and Technology},
	number = {10},
	pages = {2819},
	title = {Applying genetic algorithms for the determination of the parameters of the electrostatic discharge current equation},
	volume = {17},
	year = {2006}
}

@article{EstimationOfParametersForTheElectrostaticDischargeCurrentEquationWithRealHumanDischargeEventsReferenceUsingGeneticAlgorithms,
	author = {Katsivelis, P S and Gonos, I F and Stathopulos, I A},
	journal = {Measurement Science and Technology},
	number = {10},
	pages = {105703},
	title = {Estimation of parameters for the electrostatic discharge current equation with real human discharge events reference using genetic algorithms},
	url = {http://stacks.iop.org/0957-0233/21/i=10/a=105703},
	volume = {21},
	year = {2010}
}

@manual{DataSheet1N4001,
	organization = {Motorola Semicondutor, now ON Semiconductor},
	title = {Axial Lead Standard Recovery Rectifiers}
}

@article{NanosecondSwitchingUsingPowerMOSFETs,
	author = {Baker, R.J. and Pocha, M.D.},
	doi = {10.1063/1.1141391},
	issn = {0034-6748},
	journal = {Review of Scientific Instruments},
	month = {Aug},
	number = {8},
	pages = {2211--2213},
	title = {Nanosecond switching using power MOSFETs},
	volume = {61},
	year = {1990}
}

@article{A500VNanosecondPulseGeneratorUsingCascode-connectedPowerMOSFETs,
	author = {Baker, R J and Johnson, B P},
	journal = {Measurement Science and Technology},
	number = {8},
	pages = {775},
	title = {A 500 V nanosecond pulse generator using cascode-connected power MOSFETs},
	url = {http://stacks.iop.org/0957-0233/3/i=8/a=014},
	volume = {3},
	year = {1992}
}

@book{HandbookOfAnalogCircuitDesign,
	doi = {10.1016/B978-0-12-254240-4.50001-1},
	editor = {Feucht, Dennis L.},
	isbn = {978-0-12-254240-4},
	publisher = {Academic Press},
	title = {Handbook of Analog Circuit Design},
	year = {1990}
}

@mastersthesis{ElectrostaticDischargeESDProtectionInCMOS,
	author = {Ward, Scott T},
	month = {Dec},
	school = {College of Graduate Studies University ofIdaho},
	title = {Electrostatic Discharge (ESD)Protection in CMOS},
	type = {Master's thesis},
	year = {2002}
}

@inbook{NoiseInSemiconductorDevices,
	author = {Konczakowska, Alicja and Wilamowski, Bogdan M.},
	chapter = {Noise in Semiconductor Devices},
	doi = {10.1201/b10602-14},
	editor = {Wilamowski, Bogdan M. and Irwin, J. David},
	isbn = {9781439802793},
	lccn = {2010019980},
	publisher = {Taylor \& Francis},
	title = {Fundamentals of Industrial Electronics},
	year = {2011}
}

@inproceedings{DesignAndApplicationGuideForHighSpeedMOSFETGateDriveCircuits,
	author = {Balogh, Laszlo},
	booktitle = {Proceedings Power Supply Design Seminar},
	institution = {Texs Instruments},
	number = {Topic 2},
	title = {Design And Application Guide For High Speed MOSFET Gate Drive Circuits},
	url = {http://www.ti.com/lit/ml/slup169/slup169.pdf},
	volume = {SEM-1400},
	year = {2001}
}

@inproceedings{EstimatingMosfetParametersFromTheDataSheet,
	author = {Balogh, Laszlo},
	booktitle = {Proceedings Power Supply Design Seminar},
	institution = {Texs Instruments},
	number = {Topic 2},
	title = {Design And Application Guide For High Speed MOSFET Gate Drive Circuits Appendix A: Estimating MOSFET Parameters from the Data Sheet},
	url = {http://www.ti.com/lit/ml/slup170/slup170.pdf},
	volume = {SEM-1400},
	year = {2001}
}

@techreport{PracticalConsiderationsInHighPerformanceMosfetIGBTAndMctGateDriveCircuits,
	author = {Andreycak, Bill},
	institution = {Unitrode Corporation, now Texas Instruments},
	number = {U-137},
	title = {Practical Considerations in High Performance MOSFET, IGBT and MCT Gate Drive Circuits},
	url = {http://www.ti.com/lit/an/slua105/slua105.pdf},
	year = {2001}
}

@techreport{CharacterizationModelingAndDesignOfEsdProtectionCircuits,
	author = {Beebe, Stephen G.},
	institution = {Stanford University, TCAD Group},
	month = {Mar},
	number = {},
	title = {Characterization, Modeling, and Design of ESD Protection Circuits},
	url = {http://www-tcad.stanford.edu/tcad/pubs/theses/sbeebe.pdf},
	year = {1998}
}

@techreport{System-LevelEsdConsiderations,
	author = {Instruments, Texas},
	month = {Mar},
	title = {System-Level ESD Considerations},
	url = {http://www.ti.com/lit/an/slaa530/slaa530.pdf},
	year = {2012}
}

@article{AnUltrahighStabilityLow-noiseLaserCurrentDriverWithDigitalControl,
	author = {Erickson, Christopher J. and {Van Zijll}, Marshall and Doermann, Greg and Durfee, Dallin S.},
	doi = {10.1063/1.2953597},
	journal = {Review of Scientific Instruments},
	number = {7},
	title = {An ultrahigh stability, low-noise laser current driver with digital control},
	volume = {79},
	year = {2008}
}

@techreport{ISO-11801,
	author = {{International Organization for Standardization} and {International Electrotechnical Commission}},
	institution = {ISO/IEC},
	month = {Jun},
	pages = {176},
	title = {Information technology - Generic cabling for customer premises},
	type = {Final Draft},
	url = {http://webstore.iec.ch/webstore/webstore.nsf/Artnum_PK/45272},
	year = {2011}
}

@article{EffectivenessOfMultilayerCeramicCapacitorsForElectrostaticDischargeProtection,
	author = {Rostamzadeh, C. and Canavero, Flavio and Kashefi, F. and Darbandi, M.},
	journal = {In Compliance},
	month = {May},
	number = {5},
	pages = {42--51},
	publisher = {Same Page Publishing, LLC},
	title = {Effectiveness of Multilayer Ceramic Capacitors for Electrostatic Discharge Protection},
	url = {http://incompliancemag.com/article/effectiveness-of-multilayer-ceramic-capacitors-for-electrostatic-discharge-protection/},
	volume = {1},
	year = {2012}
}

@techreport{ResistorSensitivityToElectrostaticDischarge,
	author = {Group, Vishay Precision},
	institution = {Vishay Precision Group},
	month = {Sep},
	number = {63129},
	title = {Resistor Sensitivity to Electrostatic Discharge (ESD)},
	url = {http://www.vishaypg.com/docs/63129/esd_tn.pdf},
	year = {2011}
}

@techreport{ChoosingAndUsingBypassCapacitors,
	author = {Schmitz, Tamara and Wong, Mike},
	institution = {Intersil Corporation},
	month = {Oct},
	number = {Application Note 1325},
	title = {Choosing and Using Bypass Capacitors},
	url = {http://www.intersil.com/content/dam/Intersil/documents/an13/an1325.pdf},
	year = {2011}
}

@techreport{PcbDesignGuidelinesThatMaximizeThePerformanceOfTvsDiodes,
	author = {Lepkowski, Jim},
	institution = {ON Semiconductor},
	month = {Aug},
	number = {AND8232/D},
	title = {PCB Design Guidelines that Maximize the Performance of TVS Diodes},
	url = {http://www.onsemi.com/pub/Collateral/AND8232-D.PDF},
	year = {2005}
}

@techreport{HumanBodyModelVsIEC61000-4-2,
	author = {Lepkowski, Jim},
	institution = {ON Semiconductor},
	month = {Sep},
	number = {TND410/D},
	title = {Human Body Model (HBM) vs. IEC 61000-4-2},
	url = {http://www.onsemi.com/pub/Collateral/AND8232-D.PDF},
	year = {2010}
}

@techreport{High-SpeedLayoutGuidelines,
	author = {Weiler, Alexander and Pakosta, Alexander},
	institution = {Texas Instruments},
	month = {Nov},
	number = {SCAA082},
	title = {High-Speed Layout Guidelines},
	url = {http://www.ti.com/lit/an/scaa082/scaa082.pdf},
	year = {2006}
}

@manual{Si1308EDLDataSheet,
	month = {Mar},
	organization = {Vishay Siliconix},
	title = {Si1308EDL Data Sheet},
	year = {2012}
}

@manual{Si2372DSDataSheet,
	month = {Apr},
	organization = {Vishay Siliconix},
	title = {Si2372DS Data Sheet},
	year = {2014}
}

@manual{LT1819DataSheet,
	month = {May},
	organization = {Linear Technology},
	title = {LT1819 Data Sheet},
	year = {2010}
}

@article{FundamentalsOfLow-NoiseAnalogCircuitDesign,
	author = {Leach, W.M., Jr.},
	doi = {10.1109/5.326411},
	issn = {0018-9219},
	journal = {Proceedings of the IEEE},
	month = {Oct},
	number = {10},
	pages = {1515--1538},
	title = {Fundamentals of low-noise analog circuit design},
	volume = {82},
	year = {1994}
}

@article{AVersatileDigitalGHzPhaseLockForExternalCavityDiodeLasers,
	author = {Appel, J{\"u}rgen and MacRae, Andrew and Lvovsky, {A. I.}},
	doi = {10.1088/0957-0233/20/5/055302},
	issn = {0957-0233},
	journal = {Measurement Science and Technology},
	number = {5},
	publisher = {Institute of Physics Publishing},
	title = {A versatile digital GHz phase lock for external cavity diode lasers},
	volume = {20},
	year = {2009}
}

@article{Mode-hop-freeTuningOver135GHzOfExternalCavityDiodeLasersWithoutAntireflectionCoating,
	archiveprefix = {arXiv},
	author = {{Dutta}, S. and {Elliott}, D.~S. and {Chen}, Y.~P.},
	doi = {10.1007/s00340-011-4841-4},
	eprint = {1103.2112},
	journal = {Applied Physics B: Lasers and Optics},
	month = mar,
	pages = {629--633},
	primaryclass = {physics.atom-ph},
	title = {Mode-hop-free tuning over 135 GHz of external cavity diode lasers without antireflection coating},
	volume = 106,
	year = 2012
}

@article{Human-Body-ModelElectrostatic-DischargeAndElectrical-OverstressStudiesOfBuried-HeterostructureSemiconductorLasers,
	author = {Huang, Jia-Sheng and Olson, Todd and Isip, Eric},
	doi = {10.1109/TDMR.2007.907425},
	issue = {3},
	journal = {IEEE Transactions on Device and Materials Reliability},
	pages = {453--461},
	title = {Human-Body-Model Electrostatic-Discharge and Electrical-Overstress Studies of Buried-Heterostructure Semiconductor Lasers},
	volume = {7},
	year = {2007}
}

@article{AnalysisOnESD-inducedDegradationOfGaInAsPLd,
	author = {Ichikawa, H. and Ito, M. and Fukuda, C. and Hamada, K. and Yamaguchi, A. and Nakabayashi, T.},
	issue = {64},
	journal = {SEI TECHNICAL REVIEW -ENGLISH EDITION-},
	title = {Analysis on ESD-induced Degradation of GaInAsP LD},
	volume = {7},
	year = {2007}
}

@article{ImprovedRateEquationsForExternalCavitySemiconductorLasers,
	author = {Rong-Qing, Hui and Shang-Ping, Tao},
	doi = {10.1109/3.29296},
	issn = {0018-9197},
	journal = {Quantum Electronics, IEEE Journal of},
	month = {Jun},
	number = {6},
	pages = {1580--1584},
	title = {Improved rate equations for external cavity semiconductor lasers},
	volume = {25},
	year = {1989}
}

@article{BlueLaserDiodes,
	author = {Lutgen, Stephan and Schmitt, Michael},
	doi = {10.1002/opph.201190024},
	issn = {2191-1975},
	journal = {Optik \& Photonik},
	number = {2},
	pages = {37--39},
	publisher = {WILEY-VCH Verlag},
	title = {Blue Laser diodes},
	url = {http://dx.doi.org/10.1002/opph.201190024},
	volume = {4},
	year = {2009}
}

@book{IntroductionToNitrideSemiconductorBlueLasersAndLightEmittingDiodes,
	author = {Nakamura, S. and Chichibu, S.F.},
	isbn = {9780748408368},
	publisher = {Taylor \& Francis},
	title = {Introduction to Nitride Semiconductor Blue Lasers and Light Emitting Diodes},
	year = {2000}
}

@book{BirthdayProblem,
	author = {{Von Mises}, Richard},
	publisher = {na},
	title = {{\"U}ber Aufteilungs-und Besetzungswahrscheinlichkeiten},
	year = {1939}
}

@article{RFC-UUID,
	author = {Leach, Paul J and Mealling, Michael and Salz, Rich},
	journal = {RFC},
	pages = {1--32},
	title = {A Universally Unique IDentifier (UUID) URN Namespace},
	url = {{https://datatracker.ietf.org/doc/html/rfc4122}},
	volume = {4122},
	year = {2005}
}

@misc{TinkerforgeAsync,
	author = {Baus, Patrick},
	month = {7},
	title = {TinkerforgeAsync},
	url = {{https://github.com/PatrickBaus/TinkerforgeAsync}},
	version = {1.2.0},
	year = {2021}
}

@misc{10kProblem,
	author = {Kegel, Dan},
	month = {5},
	title = {The C10K problem},
	url = {{https://web.archive.org/web/19990508164301/http://www.kegel.com/c10k.html}},
	year = {1999}
}

@manual{datasheet_ADR1399,
	edition = {A},
	howpublished = {{https://www.analog.com/media/en/technical-documentation/data-sheets/adr1399.pdf}},
	month = {03},
	organization = {Analog Devices, Inc.},
	title = {Oven-Compensated, Buried Zener, 7.05 V Voltage Reference},
	year = {2022}
}

@article{article_fluke_8588A_noise,
	author = {Lapuh, Rado and Kucera, Jan and Kovac, Jakub and Voljc, Bostjan},
	doi = {10.48550/arXiv.2205.11321},
	month = {05},
	pages = {},
	title = {Fluke 8588A and Keysight 3458A DMM Sampling Performance},
	year = {2022}
}

@manual{datasheet_transmille8104,
	edition = {1.1},
	howpublished = {{https://www.transmille.com/file\_upload/8104-Extended-Specifications-V1-1.pdf}},
	organization = {Transmille Ltd.},
	title = {8100 Series - 8104 Extended Specifications}
}

@article{article_3458A_input_mpedance,
	author = {Rietveld, G.},
	doi = {10.1049/ip-smt:20040700},
	journal = {Science, Measurement and Technology, IEE Proceedings -},
	month = {10},
	pages = {381--383},
	title = {Accurate determination of the input impedance of digital voltmeters},
	volume = {151},
	year = {2004}
}

@manual{datasheet_fluke8588A,
	edition = {rev. G},
	howpublished = {{https://us.flukecal.com/literature/product-literature/specifications/8558a-product-specifications}},
	month = {8},
	organization = {Fluke Corporation},
	title = {8588A Reference Multimeter - Product Specifications},
	year = {2022}
}

@manual{datasheet_keithley2002,
	edition = {M},
	howpublished = {{https://www.tek.com/en/documents/specification/model-2002-multimeter-specifications}},
	month = {08},
	organization = {Keithley Instruments, Inc.},
	title = {Model 2002 - Multimeter Specifications},
	year = {2022}
}

@inproceedings{article_3458A_input_mpedance_2,
	author = {Lenicek, Ivan and Ilic, Damir and Malaric, Roman},
	booktitle = {2007 IEEE Instrumentation \& Measurement Technology Conference IMTC 2007},
	doi = {10.1109/IMTC.2007.379145},
	number = {},
	pages = {1--4},
	title = {Determination of digital voltmeter input parameters},
	volume = {},
	year = {2007}
}

@book{keithley_switching_handbook,
	edition = 6,
	organization = {Keithley Instruments Inc.},
	pages = {194},
	title = {Switching Handbook},
	year = {2008}
}

@manual{datasheet_LM399,
	edition = {C},
	howpublished = {{https://www.analog.com/media/en/technical-documentation/data-sheets/199399fc.pdf}},
	month = {12},
	organization = {Analog Devices, Inc.},
	title = {LM199/LM399, LM199A/LM399A Precision Reference},
	year = {2014}
}

@techreport{technote_ti_popcorn_noise,
	author = {Kay, Arthur},
	institution = {Texas Instruments Incorporated},
	month = {2},
	number = {VIII},
	publisher = {Texas Instruments Incorporated},
	title = {Analysis and Measurement of Intrinsic Noise in Op Amp Circuits, Part VIII: Popcorn Noise},
	type = {Technote},
	volume = {Analysis and Measurement of Intrinsic Noise in Op Amp Circuits},
	year = {2008}
}

@online{lm399_richi,
	author = {Kau{\ss}ler, Richard},
	title = {Richi´s Lab - Linear Technology LM399},
	url = {https://www.richis-lab.de/REF02.htm},
	urldate = {2022-09-02},
	year = 2021
}

@online{zener_popcorn_noise,
	author = {Rako, Paul},
	journal = {EDN},
	month = 12,
	publisher = {AspenCore Media},
	title = {Voltage reference drift considerations},
	url = {https://www.edn.com/voltage-reference-drift-considerations},
	urldate = {2022-09-02},
	year = 2010
}

@manual{datasheet_VPR,
	howpublished = {{http://www.vishaypg.com/docs/63116/vpr221z.pdf}},
	month = {3},
	organization = {Vishay Precision Group, Inc.},
	title = {VPR221Z (Z-Foil) - Vishay Foil Resistors},
	year = {2010}
}

@book{kay2012operational,
	author = {Kay, Arthur},
	isbn = {9780080942438},
	publisher = {Elsevier Science},
	title = {Operational Amplifier Noise: Techniques and Tips for Analyzing and Reducing Noise},
	year = {2012}
}

@manual{service_manual_fluke_5440b,
	howpublished = {{https://dam-assets.fluke.com/s3fs-public/5440B\_AFsmeng0000.pdf}},
	month = {12},
	organization = {John Fluke Mfg. Co. Inc.},
	title = {5440B/AF Direct Voltage Calibrator - Service Manual},
	year = {1986}
}

@book{motchenbacher1993,
	author = {Motchenbacher, C.D. and Connelly, J.A.},
	isbn = {9780471577423},
	lccn = {lc92039598},
	publisher = {Wiley},
	title = {Low-Noise Electronic System Design},
	url = {https://books.google.de/books?id=VhkoAQAAMAAJ},
	year = {1993}
}

@book{horowitz1989,
	abstract = {Book description: At long last, here is the thoroughly revised and updated, and long-anticipated, third edition of the hugely successful Art of Electronics. Widely accepted as the best single authoritative text on electronic circuit design, it will be an indispensable reference and the gold standard for anyone in the field.},
	address = {Cambridge},
	author = {Horowitz, Paul and Hill, Winfield},
	edition = {3},
	organization = {Cambridge University Press},
	pages = {1224},
	publisher = {Cambridge University Press},
	title = {The Art of Electronics},
	year = {2015}
}

@manual{datasheet_LTZ1000,
	edition = {D},
	howpublished = {{https://www.analog.com/media/en/technical-documentation/data-sheets/LTZ1000.pdf}},
	month = {04},
	organization = {Analog Devices, Inc.},
	title = {LTZ1000/LTZ1000A - Ultra Precision Reference},
	year = {2012}
}

